@Article{MatzkeEtAl2013,
  Title                    = {Bayesian estimation of multinomial processing tree models with heterogeneity in participants and items},
  Author                   = {Matzke, Dora and Dolan, Conor V and Batchelder, William H and Wagenmakers, Eric-Jan},
  Journaltitle             = {Psychometrika},
  Year                     = {2013},
  Pages                    = {1--31},
  File                     = {:/home/bruno/Documents/Papers/Matzkeetal 2013 MPT bayesian.pdf:PDF},
  Publisher                = {Springer}
}


@inbook{WagenmakersLee2013ch14,
  crossref = {WagenmakersLee2013book},
  author = {Lee, Michael D and Wagenmakers, Eric-Jan and Dora Matzke},
  title = {Multinomial processing trees},
  chapter	= "14"

  }


  @Book{WagenmakersLee2013book,
  Title                    = {Bayesian cognitive modeling: A practical course},
  Author                   = {Lee, Michael D and Wagenmakers, Eric-Jan},
  Year                     = {2013},
  Publisher                = {Cambridge University Press}
}

@article{BatchelderRiefer1980,
  title={Separation of storage and retrieval factors in free recall of clusterable pairs.},
  author={Batchelder, William H and Riefer, David M},
  journal={Psychological Review},
  volume={87},
  number={4},
  pages={375},
  year={1980},
  publisher={American Psychological Association}
}

@Article{BatchelderRiefer1999,
  Title                    = {Theoretical and empirical review of multinomial process tree modeling},
  Author                   = {Batchelder, William H and Riefer, David M},
  Year                     = {1999},
  Number                   = {1},
  Pages                    = {57--86},
  Volume                   = {6},

  File                     = {:/home/bruno/Documents/Papers/batchelder1999.pdf:PDF},
  Journal                  = {Psychonomic Bulletin \& Review},
  Publisher                = {Springer}
}
